

@CONFERENCE{bib3,
  author = {Автор},
  title = {название тезисов конференции},
  booktitle = {Название сборника},
  year = {2012},
}

@ARTICLE{gost5180,
  author = {ГОСТ 5180-84},
  title = {``Грунты. Методы лабораторного определения физических характеристик.''},
  year = {1984},
	journal = {Москва}
}

@ARTICLE{souzdornii,
  
  title = {``Основы нормирования и обеспечения требуемой степени уплотнения земляного полотна
автомобильных дорог''},
  year = {2002},
	journal = {Государственный дорожный научно-исследовательский институт
ФГУП <<СОЮЗДОРНИИ>> Москва}
}

@ARTICLE{gammaquant,
  author = {Вострецов А. Г. and Бурдаков А. В. and Радченко С. Е. and Кузнецов А. С. and Суляев Ю. С.},
  title = {`` Метод обнаружения поглощения гамма-квантов при прохождении их через азотосодержащее вещество''},
  year = {2010},
	journal = {Автометрия},
	volume = {46},
	pages = {22-29}
}

@ARTICLE{gost23061,
  author = {ГОСТ 23061-90},
  title = {``Грунты. Методы радиоизотопных измерений плотности и влажности.''},
  year = {1990},
	journal = {Москва}
}

@ARTICLE{patentdensitometer,
  author = {Миронов В. С. and Петухов В. Д. and Гензе П. А. and Петухов Ю. В.},
  title = {Патент RU 2375695 C1.

Датчик мю-мезонного скважинного плотномера},
  year = {2008},
	journal = {Федеральная служба по интеллектуальной
собственности, патентам и товарным знакам.}
}

@BOOK{cosmicrays,
  title = {Использование космических лучей в геологии},
  publisher = {Недра},
  year = {1965},
  editor = {Проф. А.Г. Тархов},
  author = {Бондаренко В.М.},
  pages={18-19 and 62-65}
}