

@CONFERENCE{bib3,
  author = {Автор},
  title = {название тезисов конференции},
  booktitle = {Название сборника},
  year = {2012},
}

@ARTICLE{gost5180,
  author = {ГОСТ 5180-84},
  title = {``Грунты. Методы лабораторного определения физических характеристик.''},
  year = {1984},
	journal = {Москва}
}
@ARTICLE{pharmakinetics,
  author = {J. Fuite and R. E. Marsh and J. A. Tuszynski },
  title = {``An Application of Prony's Sum of Exponentials Method to Pharmacokinetic Data Analysis.''},
  year = {2007},
	journal = {Communications in computational physics},
	volume = {2},
	pages = {87-88}
}

@ARTICLE{souzdornii,
  
  title = {``Основы нормирования и обеспечения требуемой степени уплотнения земляного полотна
автомобильных дорог''},
  year = {2002},
	journal = {Государственный дорожный научно-исследовательский институт
ФГУП <<СОЮЗДОРНИИ>> Москва}
}

@ARTICLE{gammaquant,
  author = {Вострецов А. Г. and Бурдаков А. В. and Радченко С. Е. and Кузнецов А. С. and Суляев Ю. С.},
  title = {`` Метод обнаружения поглощения гамма-квантов при прохождении их через азотосодержащее вещество''},
  year = {2010},
	journal = {Автометрия},
	volume = {46},
	pages = {22-29}
}

@ARTICLE{gost23061,
  author = {ГОСТ 23061-90},
  title = {``Грунты. Методы радиоизотопных измерений плотности и влажности.''},
  year = {1990},
	journal = {Москва}
}

@ARTICLE{patentdensitometer,
  author = {Миронов В. С. and Петухов В. Д. and Гензе П. А. and Петухов Ю. В.},
  title = {Патент RU 2375695 C1.

``Датчик мю-мезонного скважинного плотномера''},
  year = {2008},
	journal = {Федеральная служба по интеллектуальной
собственности, патентам и товарным знакам.}
}

@ARTICLE{kudryavcev,
author = {V. A. Kudryavtsev},
title = {``Muon simulation codes MUSIC and MUSUN for underground physics''},
journal = {Computer Physics Communications},
volume={180},
pages={339-346}
}

@BOOK{octave,
author = {J. W. Eaton and D. Bateman and S. Hauberg},
title = {``GNU Octave. A high-level
interactive language for numerical computations.''},
year={2007}
}


@ARTICLE{openmp,
title = {``OpenMP: an industry standard API for shared-memory programming''},
author = {L. Dagum and R. Menon},
journal = {Computational Science and Engineering, IEEE},
volume={5},
pages={46-55}
}

@BOOK{straustrup,
  title = {``Язык программирования С++''},
  publisher = {Бином},
  year = {2011},
  author = {Б. Страуструп}
}

@BOOK{cosmicrays,
  title = {``Использование космических лучей в геологии''},
  publisher = {Недра},
  year = {1965},
  editor = {Проф. А. Г. Тархов},
  author = {В. М. Бондаренко },
  pages={18-19 and 62-65}
}

@BOOK{kolcuzhkin,
  title = {``Введение в теорию прохождения частиц через вещество''},
  publisher = {Атомиздат},
  year = {1978},
  author = {А. М. Кольчужкин  and В. В. Учайкин },
  pages={5-18 }
}

@BOOK{linnik,
  title = {``Метод наименьших квадратов и основs математико-статистической теории обработки наблюдений''},
  year = {1962},
  author = {Ю. В. Линник }
}

@BOOK{zacepin,
  title = {``Ядерно-каскадный процесс и его роль в развитии ши- роких атмосферных ливней''},
  publisher = {Докл. АН СССР},
  year = {1949},
  volume = {67},
  author = {Г. Т. Зацепин },
  pages={993–996 }
}


@ARTICLE{zeiger,
  author = {H. P. Zeiger and A. J. McEwen},
  title = {``Approximate linear realizations of given dimension via Ho’s algorithm''},
  year = {1974},
	journal = {IEEE Trans. 	Automat. Cont.},
	volume = {AC-19},
	pages={153}
}

@ARTICLE{prony,
  author = {R. Prony},
  title = {``Essai experimental et analytique sur les lois de la 
  dilabilite des fluides elastiaues ...''},
  year = {1795},
	journal = {J. de I’Ecole Polvtechniaue.},
	volume = {1},
	pages={24-76}
}


@ARTICLE{kung,
  author = {S. Y. Kung},
  title = {``A new identification and model reduction algorithm via singular value decomposition''},
  year = {1978},
	journal = {12th Asilomar Conf 
	on Circuits, Systems and Comp.(Asilomar, CA)},
	pages={705-714}
}

@ARTICLE{osborn,
  author = {M. R. Osborn and G. K. Smyth},
  title = {``A modified Prony algorithm for exponential function fitting''},
  year = {1995},
	journal = { SIAM Journal on Scientific Computing}
}

